<?xml version="1.0" encoding="UTF-8"?><collection xmlns="http://www.loc.gov/MARC21/slim"><record><leader>00433nam--2200145-i-4500</leader><controlfield tag="001">000003576</controlfield><controlfield tag="002">20161230</controlfield><controlfield tag="005">20170207235710</controlfield><controlfield tag="008">060222s1000------------r-----000-0-eng-d</controlfield><datafield ind1=" " ind2=" " tag="100"><subfield code="a">Borhvardt, G. K</subfield></datafield><datafield ind1=" " ind2=" " tag="245"><subfield code="a">Tubul cu catodul rece. Traducere din limba rus a. Numai pentru documentare</subfield></datafield><datafield ind1=" " ind2=" " tag="260"><subfield code="a">Bucuresti</subfield><subfield code="b">Editura Energetica De Stat</subfield><subfield code="c">1954</subfield></datafield><datafield ind1=" " ind2=" " tag="300"><subfield code="a">94 p.Cu Ilustr.(Litogr.)</subfield></datafield><datafield ind1=" " ind2=" " tag="490"><subfield code="a">Meeie</subfield></datafield><datafield ind1=" " ind2=" " tag="CAT"><subfield code="a">SYS</subfield><subfield code="c">20170207</subfield><subfield code="h">235710</subfield></datafield></record></collection>